<?xml version="1.0" encoding="UTF-8"?><collection xmlns="http://www.loc.gov/MARC21/slim"><record><leader>00375nam--2200145-i-4500</leader><controlfield tag="001">000038528</controlfield><controlfield tag="002">20161230</controlfield><controlfield tag="005">20170122225544</controlfield><controlfield tag="008">060222s1000------------r-----000-0-eng-d</controlfield><datafield ind1=" " ind2=" " tag="080"><subfield code="a">78</subfield></datafield><datafield ind1=" " ind2=" " tag="245"><subfield code="a">Reference data for radio engineers</subfield></datafield><datafield ind1=" " ind2=" " tag="260"><subfield code="a">New York</subfield><subfield code="b">Telephone And Telegraph Corp</subfield><subfield code="c">1957</subfield></datafield><datafield ind1=" " ind2=" " tag="300"><subfield code="a">1121-151 p. + 1 Pl</subfield></datafield><datafield ind1=" " ind2=" " tag="852"><subfield code="a">12861</subfield></datafield><datafield ind1=" " ind2=" " tag="CAT"><subfield code="a">SYS</subfield><subfield code="c">20170122</subfield><subfield code="h">225544</subfield></datafield></record></collection>